@Book{design_patterns,
  key =          {GoF},
  author = 	 	 {E. Gamma and R. Helm and R. Johnson and J. Vlissides},
  title = 	 	 {Dessign Patterns},
  publisher = 	 {Addison-Wesley},
  year = 	 	 {1996},
}

@Book{puder05:_distr_system_archit,
  author =		{A. Puder and K. Römer and F. Pilhofer},
  title = 	 	{Distributed Systems Architecture: A Middleware Approach},
  publisher = 	{Morgan Kaufman},
  year = 	 	{2005}
}

@Book{sousa,
  author = 	 {{Martínez de Sousa}, J.},
  title = 	 {Ortografía y ortotipografía del español actual},
  publisher = 	 {Trea},
  year = 	 {2008},
}

@MISC {microsoft2019,
    author       = "Microsoft",
    title        = "What is Windows Virtual Desktop?",
    howpublished = "\url{https://docs.microsoft.com/en-us/azure/virtual-desktop/overview}",
    month        = "may",
    year         = "2019"
}

@MISC {ensimaria2017,
    author       = "Ensi-Maria",
    title        = "\textit{Iaa{S}, {P}aa{S}, {S}aa{S} – What do they mean?}",
    howpublished = "\url{http://cloudonmove.com/iaas-paas-saas-what-do-they-mean/}",
    month        = "aug",
    year         = "2017"
}

@MISC {amazon,
    author       = "Amazon",
    title        = "Amazon EC2",
    howpublished = "\url{https://aws.amazon.com/es/ec2/}"
}

@MISC {microsoftmv,
    author       = "Microsoft",
    title        = "Máquinas virtuales",
    howpublished = "\url{https://azure.microsoft.com/es-es/services/virtual-machines/}"
}

@MISC {cristiancisternas2015,
    author       = "Cristian Cisternas",
    title        = "¿{Q}ué es {I}aa{S}, {P}aa{S}, {S}aa{S} y {D}aa{S}?",
    howpublished = "\url{https://bit.ly/2Jca3ys}",
    year         = "2015"
}

@MISC {bbva2017,
    author       = "BBVA",
    title        = "\textit{Serverless}",
    howpublished = "\url{https://www.bbva.com/es/serverless/}",
    month        = "sep",
    year         = "2017"
}

@MISC {albertodiazmartin2016,
    author       = "Alberto D{\'i}az Mart{\'i}n",
    title        = "{F}aa{S} o {A}rquitectura {S}erverless",
    howpublished = "\url{https://blogs.encamina.com/por-una-nube-sostenible/faas-arquitectura-serverless/}",
    month        = "aug",
    year         = "2016"
}

@MISC {rubenvelasco2016,
    author       = "Rub{\'e}n Velasco",
    title        = "{I}aa{S}, {P}aa{S}, {C}aa{S}, {S}aa{S} – ¿{Q}u{\'e} significan estos conceptos de {C}loud {C}omputing?",
    howpublished = "\url{https://www.redeszone.net/2016/07/17/iaas-paas-caas-saas-significan-estos-conceptos-cloud-computing/}",
    month        = "jul",
    year         = "2016"
}

@MISC {arsys2019,
    author       = "Arsys",
    title        = "¿{Q}u{\'e} es {I}aa{S}, {S}aa{S}, {P}aa{S}, {F}aa{S}, {C}aa{S}? {T}e explicamos en qu{\'e} consisten los diferentes servicios de la {N}ube",
    howpublished = "\url{https://bit.ly/2Xe8p4G}",
    month        = "feb",
    year         = "2019"
}

@MISC {suse,
    author       = "SUSE",
    title        = "\textit{{SUSE} {C}aa{S} {P}latform}",
    howpublished = "\url{https://www.suse.com/es-es/products/caas-platform/}"
}

@MISC {microsoftvdi,
    author       = "Microsoft",
    title        = "Virtualizaci{\'o}n de escritorios e {I}nfraestructura del escritorio virtual ({VDI})",
    howpublished = "\url{https://www.microsoft.com/es-es/cloud-platform/desktop-virtualization}"
}

@MISC {citrix,
    author       = "Citrix",
    title        = "\textit{Citrix {V}irtual {A}pps and {D}esktops}",
    howpublished = "\url{https://www.citrix.es/products/citrix-virtual-apps-and-desktops/}"
}

@MISC {microsoftwvdpre,
    author       = "Microsoft",
    title        = "Windows {V}irtual {D}esktop ({V}ersión {P}reliminar)",
    howpublished = "\url{https://azure.microsoft.com/es-es/services/virtual-desktop/}"
}

@MISC {microsoftwvddoc,
    author       = "Microsoft",
    title        = "\textit{{W}indows {V}irtual {D}esktop {P}review {D}ocumentation}",
    howpublished = "\url{https://docs.microsoft.com/en-us/azure/virtual-desktop/}"
}

@MISC {ibmdefiniciones,
    author       = "IBM",
    title        = "{I}aa{S}, {P}aa{S} y {S}aa{S} – {M}odelos de servicio de {IBM} {C}loud",
    howpublished = "\url{https://www.ibm.com/es-es/cloud/learn/iaas-paas-saas}"
}

@MISC {amazonec2,
    author       = "Amazon",
    title        = "Características de {A}mazon {EC}2",
    howpublished = "\url{https://aws.amazon.com/es/ec2/features/}",
    note         = "Última visita: 25-06-19"
}

@MISC {amazonec2precios,
    author       = "Amazon",
    title        = "Precios de Amazon EC2",
    howpublished = "\url{https://aws.amazon.com/es/ec2/pricing/}",
    note         = "Última visita: 25-06-19"
}

@MISC {googlecespecs,
    author       = "Google",
    title        = "\textit{Compute Engine}",
    howpublished = "\url{https://cloud.google.com/compute/?hl=es}",
    note         = "Última visita: 25-06-19"
}

@ARTICLE {michelesliger,
    author  = "Michele Sliger",
    title   = "(2011). \textit{{A}gile project management with {S}crum}",
    journal = "Paper presented at {PMI}\textregistered{} {G}lobal {C}ongress 2011—{N}orth {A}merica, {D}allas, {TX}. {N}ewtown {S}quare, {PA}: {P}roject {M}anagement {I}nstitute."
}

@MISC {robertmulsow2018,
    author       = "Robert Mulsow",
    title        = "\textit{10 {K}iller {B}est {P}ractices {F}or {S}crum in {M}icrosoft {T}eams and {P}lanner}",
    howpublished = "\url{https://www.avepoint.com/blog/manage/scrum-microsoft-teams-planner/}",
    month        = "nov",
    year         = "2018"
}

@MISC {scrumguide,
    author       = "Ken Schwaber; Jeff Sutherland",
    title        = "\textit{The {S}crum {G}uide}",
    howpublished = "\url{https://www.scrumguides.org/docs/scrumguide/v2017/2017-Scrum-Guide-US.pdf#zoom=100}",
    month        = "nov",
    year         = "2017"
}

@MISC {proyectosagiles,
    author       = "proyectosagiles.org",
    title        = "Desarrollo iterativo e incremental",
    howpublished = "\url{https://proyectosagiles.org/desarrollo-iterativo-incremental/}"
}

@MISC {microsoftteams,
    author       = "Microsoft",
    title        = "Microsoft {T}eams",
    howpublished = "\url{https://products.office.com/es-es/microsoft-teams/group-chat-software}"
}

@MISC {mindmeister,
    author       = "MindMeister",
    title        = "Mapas mentales en línea",
    howpublished = "\url{https://www.mindmeister.com/es}"
}

@MISC {microsoftplanner,
    author       = "Microsoft",
    title        = "Task {M}anagement for {T}eams - {M}icrosoft {P}lanner",
    howpublished = "\url{https://products.office.com/en-us/business/task-management-software}",
    month        = "jun",
    year         = "2019"
}

@MISC {queesazure,
    author       = "Microsoft",
    title        = "Conozca {A}zure",
    howpublished = "\url{https://azure.microsoft.com/es-es/overview/}",
    month        = "jun",
    year         = "2019"
}

@MISC {alexballarinlatre2017,
    author       = "Alex Ballarin Latre",
    title        = "Scrum {M}yths: {I}t is ok to have a {S}print 0, {D}esign {S}print, {H}ardening {S}print...",
    howpublished = "\url{https://www.scrum.org/resources/blog/scrum-myths-it-ok-have-sprint-0-design-sprint-hardening-sprint}",
    month        = "jan",
    year         = "2017"
}

@MISC {agripinopetit2017,
    author       = "Agripino Petit",
    title        = "Sprint 0, clave en la gestión de proyectos ágiles",
    howpublished = "\url{https://www.paradigmadigital.com/techbiz/sprint-0-clave-la-gestion-proyectos-agiles/}",
    month        = "feb",
    year         = "2017"
}

@MISC {scrumframewok,
    author       = "Scrum.org",
    title        = "The {S}crum {F}ramework {P}oster",
    howpublished = "\url{https://www.scrum.org/index.php/resources/scrum-framework-poster}"
}

@MISC {microsoftpaas,
    author       = "Microsoft",
    title        = "What is {P}aa{S}",
    howpublished = "\url{https://azure.microsoft.com/en-us/overview/what-is-paas/}"
}

@MISC {googleappengine,
    author       = "Google",
    title        = "Google {A}pp {E}ngine",
    howpublished = "\url{https://cloud.google.com/appengine/}"
}

@MISC {heroku,
    author       = "Heroku",
    title        = "Cloud {A}pplication {P}latform",
    howpublished = "\url{https://www.heroku.com}"
}

@MISC {lacaixa2017,
    author       = "La Caixa",
    title        = "El ordenador que nos llevó a la {L}una tenía menos potencia que tu móvil",
    howpublished = "\url{https://www.blog.lacaixa.es/blogcaixabank/2017/08/el-ordenador-que-nos-llevo-a-la-luna-tenia-menos-potencia-que-tu-movil.html}",
    month        = "aug",
    year         = "2017"
}

@MISC {tecnologiaparatuempresa2019,
    author       = "Tecnología para tu empresa",
    title        = "Ventajas de la ultramovilidad para los trabajadores digitales",
    howpublished = "\url{https://tecnologiaparatuempresa.ituser.es/ultramovilidad/2019/01/ventajas-de-la-ultramovilidad-para-los-trabajadores-digitales}",
    month        = "jan",
    year         = "2019"
}

@MISC {antena3noticias2019,
    author       = "Antena 3 Noticias",
    title        = "El nuevo reto de los bancos: poder trabajar sin pisar la oficina",
    howpublished = "\url{https://bit.ly/2XylLsn}",
    month        = "jun",
    year         = "2019"
}

@MISC {juanmartin2017,
    author       = "Juan Martín",
    title        = "Análisis {PEST} o {PESTEL}",
    howpublished = "\url{https://www.cerem.es/blog/estudia-tu-entorno-con-un-pest-el}",
    month        = "may",
    year         = "2017"
}

@MISC {matiasriquelme2015,
    author       = "Matias Riquelme Leiva",
    title        = "Las 5 {F}uerzas de {P}orter – {C}lave para el {É}xito de la {E}mpresa",
    howpublished = "\url{https://www.5fuerzasdeporter.com}",
    month        = "jun",
    year         = "2015"
}

@MISC {javiergarzas2012,
    author       = "Javier Garzas",
    title        = "El ciclo de vida iterativo e incremental",
    howpublished = "\url{https://www.javiergarzas.com/2012/10/iterativo-e-incremental.html}",
    month        = "oct",
    year         = "2012"
}

@MISC {josemanuel,
    author       = "Jose Manuel",
    title        = "Herramientas clave en un {P}lan de {M}arketing (II): 5 fuerzas de {P}orter",
    howpublished = "\url{https://laculturadelmarketing.com/herramientas-claves-en-un-plan-de-marketing-ii-5-fuerzas-de-porter/}"
}

@MISC {javiermegíasterol2011,
    author       = "Javier Megías Terol",
    title        = "El lienzo de modelos de negocio",
    howpublished = "\url{https://javiermegias.com/blog/2011/11/herramientas-el-lienzo-de-modelos-de-negocio-business-model-canvas/}",
    month        = "nov",
    year         = "2011"
}

@MISC {cristinaramosvega2018,
    author       = "Cristina Ramos Vega",
    title        = "El {B}usiness {M}odel {C}anvas de {A}lex {O}sterwalder",
    howpublished = "\url{https://cristinaramosvega.com/business-model-canvas-alex-osterwalder/}",
    month        = "mar",
    year         = "2018"
}

@MISC {jedidiagarciallergo2012,
    author       = "Jedidia García Llergo",
    title        = "Análisis del entorno general de la empresa",
    howpublished = "\url{https://www.gestiopolis.com/analisis-del-entorno-general-de-la-empresa/}",
    month        = "mar",
    year         = "2012"
}

@MISC {santandertrade,
    author       = "Santander",
    title        = "España: política y economía",
    howpublished = "\url{https://es.portal.santandertrade.com/analizar-mercados/espana/politica-y-economia}"
}

@MISC {datacentermarket2019,
    author       = "Data Center Market",
    title        = "El 40\% de las empresas aumentará su presupuesto \textit{cloud} más de un 20\%",
    howpublished = "\url{http://www.channelpartner.es/cloud/noticias/1113095046302/40-de-empresas-aumentara-presupuesto-cloud-mas-de-20.1.html}",
    month        = "jul",
    year         = "2019"
}

@MISC {worldenergytrade2019,
    author       = "World Energy Trade",
    title        = "El {C}loud {C}omputing clave para {B}osch para extender la vida útil de las baterías",
    howpublished = "\url{https://www.worldenergytrade.com/index.php/m-news-alternative-energy/100-news-energia-alternativa-i-d-i/3688-el-cloud-computing-clave-para-bosch-para-extender-la-vida-util-de-las-baterias}",
    month        = "jul",
    year         = "2019"
}

@MISC {onenote,
    author       = "Microsoft",
    title        = "One{N}ote, la aplicación para tomar notas digitales",
    howpublished = "\url{https://products.office.com/es-es/onenote/digital-note-taking-app}"
}

@MISC {parlamentoue,
    author       = "europa.eu",
    title        = "Parlamento {E}uropeo",
    howpublished = "\url{https://europa.eu/european-union/about-eu/institutions-bodies/european-parliament_es}"
}

@MISC {consejoue,
    author       = "europa.eu",
    title        = "Consejo de la {U}nión {E}uropea",
    howpublished = "\url{https://europa.eu/european-union/about-eu/institutions-bodies/council-eu_es}"
}

@MISC {comisionue,
    author       = "europa.eu",
    title        = "Comisión {E}uropea",
    howpublished = "\url{https://europa.eu/european-union/about-eu/institutions-bodies/european-commission_es}"
}

@MISC {consejoeuropeo,
    author       = "europa.eu",
    title        = "Consejo {E}uropeo",
    howpublished = "\url{https://europa.eu/european-union/about-eu/institutions-bodies/european-council_es}"
}

@MISC {informegem2019,
    author       = "\textit{Global Entrepreneurship Monitor}",
    title        = "Informe {GEM} {E}spaña 2018-2019",
    howpublished = "\url{http://www.gem-spain.com/wp-content/uploads/2019/05/GEM2018-2019.pdf}",
    year         = "2019"
}

@MISC {yolandagonzalez2019,
    author       = "Yolanda González",
    title        = "Emprendimiento en {E}spaña: ¿con qué obstáculos y apoyos se encuentra?",
    howpublished = "\url{https://www.invertia.com/es/noticias/mis-finanzas/20190526/emprendimiento-en-espana-con-que-obstaculos-y-apoyos-se-encuentra-272503}",
    month        = "may",
    year         = "2019"
}

@MISC {informegemglobal,
    author       = "Global Entrepeneurshio Monitor",
    title        = "\textit{{GEM} 2018 / 2019 GLOBAL REPORT}",
    howpublished = "\url{https://www.gemconsortium.org/report/gem-2018-2019-global-report}",
    month        = "jan",
    year         = "2019"
}

@MISC {pibexpansion,
    author       = "Expansión",
    title        = "{PIB} de {E}spaña",
    howpublished = "\url{https://datosmacro.expansion.com/pib/espana}"
}

@MISC {impuestosautonomo,
    author       = "Redacción Emprendedores",
    title        = "Los impuestos del autónomo: {IRPF}, {IVA} y sus gastos deducibles",
    howpublished = "\url{https://www.emprendedores.es/crear-una-empresa/a54875/impuestos-del-autonomo-irpf-renta-iva-gastos-deducibles/}",
    month        = "mar",
    year         = "2019"
}

@MISC {balcellsg,
    author       = "balcellsg",
    title        = "¿{Q}ué Impuestos hay en {E}spaña? {F}iscalidad para el 2019",
    howpublished = "\url{https://balcellsgroup.com/es/impuestos-espana-2019/}"
}

@MISC {ituser2019,
    author       = "ituser",
    title        = "España iniciará un nuevo ciclo económico en el periodo 2019-2020",
    howpublished = "\url{https://www.ituser.es/actualidad/2019/01/espana-iniciara-un-nuevo-ciclo-economico-en-el-periodo-20192020}",
    month        = "jan",
    year         = "2019"
}

@MISC {javierdonoso2018,
    author       = "Javier Donoso",
    title        = "Fuentes de financiación para emprendedores",
    howpublished = "\url{https://www.creaciondempresas.es/preparate_para_emprender/financiacion-nuevas-empresas/financiacion-para-emprendedores/}",
    month        = "feb",
    year         = "2018"
}

@MISC {itusermulticloud2019,
    author       = "ituser",
    title        = "Las empresas apuestan por entornos multi cloud",
    howpublished = "\url{https://discoverthenew.ituser.es/hybrid-it/2019/07/las-empresas-apuestan-por-entornos-multi-cloud}",
    month        = "jul",
    year         = "2019"
}

@MISC {computerworld,
    author       = "computerworld",
    title        = "{IBM} firma un acuerdo de  \textit{cloud computing} con {AT\&T}",
    howpublished = "\url{https://www.computerworld.es/tecnologia/ibm-firma-un-acuerdo-de-cloud-computing-con-att}",
    month        = "jul",
    year         = "2019"
}

@MISC {robertolopezvargas2019,
    author       = "Roberto López Vargas",
    title        = "La {I+D} española retrocede 15 años",
    howpublished = "\url{https://www.larazon.es/economia/la-i-d-espanola-en-niveles-de-2004-DA22339820}",
    month        = "mar",
    year         = "2019"
}

@MISC {microsofttutowvd,
    author       = "Microsoft",
    title        = "{T}utorial: {C}reate a tenant in {W}indows {V}irtual {D}esktop {P}review",
    howpublished = "\url{https://docs.microsoft.com/en-us/azure/virtual-desktop/tenant-setup-azure-active-directory}"
}

@MISC {cispreocupaciones,
    author       = "CIS",
    title        = "Tres problemas principales que existen actualmente en {E}spaña",
    howpublished = "\url{http://www.cis.es/cis/export/sites/default/-Archivos/Indicadores/documentos_html/TresProblemas.html}"
}

@MISC {ceremcomunicacion2018,
    author       = "Cerem Comunicación",
    title        = "Estructura de la legislación ambiental en {E}spaña",
    howpublished = "\url{https://www.cerem.es/blog/estructura-de-la-legislacion-ambiental-en-espana}",
    month        = "apr",
    year         = "2018"
}

@MISC {boemedioamb,
    author       = "Gobierno de España",
    title        = "Ley 21/2013, de 9 de diciembre, de evaluación ambiental",
    howpublished = "\url{https://www.boe.es/buscar/act.php?id=BOE-A-2013-12913}",
    month        = "dec",
    year         = "2018"
}

@MISC {ecoembes2017,
    author       = "Ecoembes",
    title        = "20 {L}eyes de medio ambiente que debes conocer",
    howpublished = "\url{https://www.ecoembes.com/es/planeta-recicla/blog/20-leyes-de-medio-ambiente-que-debes-conocer}",
    month        = "dec",
    year         = "2017"
}

@MISC {politicassepe,
    author       = "\acf{SEPE}",
    title        = "Políticas activas de empleo",
    howpublished = "\url{https://www.sepe.es/HomeSepe/Personas/encontrar-trabajo/politicas-de-empleo-normativa/politicas-activas-empleo.html}"
}

@MISC {aepdnormativa,
    author       = "\acf{AEPD}",
    title        = "Normativa y circulares",
    howpublished = "\url{https://www.aepd.es/normativa/index.html}"
}

@MISC {ens,
    author       = "\acf{CCN}",
    title        = "\acf{ENS}",
    howpublished = "\url{https://www.ccn-cert.cni.es/ens.html}"
}

@MISC {aepdderechos,
    author       = "\acf{AEPD}",
    title        = "Ejerce tus derechos",
    howpublished = "\url{https://www.aepd.es/reglamento/derechos/index.html}"
}

@MISC {larazon2019,
    author       = "J. de Antonio",
    title        = "El {B}anco de {E}spaña duda de la política económica del {G}obierno",
    howpublished = "\url{https://www.larazon.es/economia/el-banco-de-espana-duda-de-la-politica-economica-del-gobierno-LA23232229}",
    month        = "may",
    year         = "2019"
}

@MISC {mehedihassan2019,
    author       = "Mehedi Hassan",
    title        = "Microsoft {L}aunches {P}ublic {P}review of {W}indows {V}irtual {D}esktop",
    howpublished = "\url{https://www.thurrott.com/cloud/203437/microsoft-launches-public-preview-of-windows-virtual-desktop}",
    month        = "mar",
    year         = "2019"
}

@MISC {juliawhitebradanderson2019,
    author       = "Julia White and Brad Anderson",
    title        = "Announcing the public preview of {W}indows {V}irtual {D}esktop",
    howpublished = "\url{https://www.microsoft.com/en-us/microsoft-365/blog/2019/03/21/windows-virtual-desktop-public-preview/}",
    month        = "mar",
    year         = "2019"
}

@MISC {microsoftwvd2019,
    author       = "Microsoft",
    title        = "What is Windows Virtual Desktop?",
    howpublished = "\url{https://docs.microsoft.com/en-us/azure/virtual-desktop/overview}",
    month        = "may",
    year         = "2019"
}

@MISC {manuelvgomez2019,
    author       = "Manuel V. Gómez",
    title        = "Siete años de reforma laboral: más empleo pero más desigual",
    howpublished = "\url{https://elpais.com/economia/2019/02/02/actualidad/1549103212_632072.html}",
    month        = "feb",
    year         = "2019"
}

@MISC {ineinternet,
    author       = "\acf{INE}",
    title        = "Población que usa {I}nternet (en los últimos tres meses)",
    howpublished = "\url{https://www.ine.es/ss/Satellite?L=es_ES\&c=INESeccion_C\&cid=1259925528782\&p=1254735110672\&pagename=ProductosYServicios%2FPYSLayout}"
}

@MISC {microsofttutohostpool,
    author       = "Microsoft",
    title        = "Tutorial: {C}reate a host pool by using the {A}zure {M}arketplace",
    howpublished = "\url{https://docs.microsoft.com/en-us/azure/virtual-desktop/create-host-pools-azure-marketplace}",
    month        = "may",
    year         = "2019"
}

@MISC {nttcommunications,
    author       = "NTT Communications",
    title        = "About {G}lobal {ICT} {I}nfrastructure {S}ervices {P}rovider",
    howpublished = "\url{https://www.glc.ntt.com/en/about-us.html}"
}

@MISC {nttdaas,
    author       = "NTT Communications",
    title        = "Enterprise {D}aa{S} - {D}esktop as a {S}ervice {A}pplication",
    howpublished = "\url{https://www.glc.ntt.com/en/services/application/enterprise-daas.html}"
}

@MISC {kireetivalicherla2019,
    author       = "Kireeti Valicherla",
    title        = "Introducing {C}itrix {M}anaged {D}esktops on {A}zure",
    howpublished = "\url{https://www.citrix.com/blogs/2019/05/21/introducing-citrix-managed-desktops/}",
    month        = "may",
    year         = "2019"
}

@MISC {citrixabout,
    author       = "Citrix",
    title        = "Acerca de nosotros",
    howpublished = "\url{https://www.citrix.es/about/}"
}

@MISC {nexicaabout,
    author       = "Nexica",
    title        = "Quiénes somos",
    howpublished = "\url{https://www.nexica.com/es/quienes-somos}"
}

@MISC {nexicadaas,
    author       = "Nexica",
    title        = "Escritorios en la nube: {N}exica {D}aa{S}",
    howpublished = "\url{https://www.nexica.com/es/escritorios-virtuales}"
}

@MISC {flexxibleitabout,
    author       = "Flexxible IT",
    title        = "About us",
    howpublished = "\url{https://www.flexxible.com/about-us}"
}

@MISC {emesaflexxible,
    author       = "Emesa",
    title        = "Flexxible desktop",
    howpublished = "\url{https://www.emesa.com/flexxible}"
}

@MISC {flexxiblequeincluye,
    author       = "Flexxible",
    title        = "Qué incluye el {E}scritorio {V}irtual",
    howpublished = "\url{http://www.flexxibledesktop.com/escritorios-virtuales/que-incluye/}"
}

@MISC {rediris2015,
    author       = "RedIRIS",
    title        = "Proyecto {CRUE}-{R}ed{IRIS} para \acf{VES}",
    howpublished = "\url{http://www.rediris.es/ves/}",
    month        = "dec",
    year         = "2015"
}

@MISC {flexilabs,
    author       = "flexiLabs",
    title        = "flexiLabs {P}ortal",
    howpublished = "\url{https://www.flexilabs.net/flportal}"
}

@MISC {c3ce,
    author       = "\acs{UCS}",
    title        = "{C3CE} – El {C}entro {C}loud {C}omputing que \acs{UCS} junto con la \acs{UPM} ofrecen a la {C}omunidad {E}ducativa",
    howpublished = "\url{http://www.u-cloudservices.com/soluciones/c3ce/}"
}

@MISC {alejandroherreiz2017,
    author       = "Alejandro Herreiz",
    title        = "Arquitectura de \acf{RDS} y sus roles principales",
    howpublished = "\url{https://blogs.technet.microsoft.com/latam/2017/07/20/arquitectura-de-remote-desktop-services-rds-y-sus-roles-principales/}",
    month        = "jul",
    year         = "2017"
}

@MISC {mathworks,
    author       = "MathWorks",
    title        = "{MATLAB} {O}nline",
    howpublished = "\url{https://es.mathworks.com/products/matlab-online.html}"
}

@MISC {keyandcloud2018,
    author       = "KeyANDCloud",
    title        = "¿{P}or qué el cloud computing se considera tecnología limpia?",
    howpublished = "\url{https://www.keyandcloud.com/cloud-computing-se-considera-tecnologia-limpia/}",
    month        = "apr",
    year         = "2018"
}

@MISC {auroragalisteo2019,
    author       = "Aurora Galisteo",
    title        = "Calero: “{E}l software es un gran consumidor de energía y tiene un gran impacto en el medio ambiente”",
    howpublished = "\url{http://bit.ly/2JQ9wTp}",
    month        = "apr",
    year         = "2019"
}

@MISC {tweetsanchez2019,
    author       = "Pedro Sánchez",
    title        = "\textit{Tweet} de {P}edro {S}ánchez",
    howpublished = "\url{https://twitter.com/sanchezcastejon/status/1136731542485704710}",
    month        = "jun",
    year         = "2019"
}

@MISC {cristinalopezalbarran,
    author       = "Cristina López Albarrán",
    title        = "Quiero mi propio {CPD}, ¿cuánto tengo que invertir?",
    howpublished = "\url{https://www.datacentermarket.es/siteresources/files/858/62.pdf}",
    month        = "jun",
    year         = "2018"
}

@MISC {balsamiq,
    author       = "Balsamiq",
    title        = "\textit{Balsamiq {W}irefreames}",
    howpublished = "\url{https://balsamiq.com/wireframes/}"
}

@MISC {microsoftwserver2008,
    author       = "Microsoft",
    title        = "Prepare for {W}indows {S}erver 2008 end of support",
    howpublished = "\url{https://www.microsoft.com/en-us/cloud-platform/windows-server-2008}"
}

@MISC {flexxiblebeneficios,
    author       = "Flexxible IT",
    title        = "Beneficios del {E}scritorio {V}irtual {F}lexxible desktop",
    howpublished = "\url{http://www.flexxibledesktop.com/escritorios-virtuales/beneficios-de-flexxible-desktop/}"
}

@MISC {visualstudio,
    author       = "Microsoft",
    title        = "\textit{Visual {S}tudio}",
    howpublished = "\url{https://visualstudio.microsoft.com/es/}"
}

@MISC {josemariagris2012,
    author       = "José María Gris",
    title        = "Historia de la virtualización",
    howpublished = "\url{https://www.josemariagonzalez.es/manuales-virtualizacion/historia-de-la-virtualizacion.html}",
    month        = "mar",
    year         = "2012"
}

@MISC {mtimjones2011,
    author       = "M. Tim Jones",
    title        = "Virtualización de aplicaciones, pasado y futuro",
    howpublished = "\url{https://www.ibm.com/developerworks/ssa/linux/library/l-virtual-machine-architectures/index.html}",
    month        = "jul",
    year         = "2011"
}

@MISC {redhat,
    author       = "Red Hat",
    title        = "What is virtualization?",
    howpublished = "\url{https://www.redhat.com/es/topics/virtualization/what-is-virtualization}"
}

@MISC {universitic2017,
    author       = "\acf{CRUE}",
    title        = "Análisis de las {TIC} en las {U}niversidades {E}spañolas",
    howpublished = "\url{http://tic.crue.org/wp-content/uploads/2018/03/UNIVERSITIC-2017.pdf}",
    month        = "oct",
    year         = "2017"
}

@MISC {uclmstats,
    author       = "\acs{UCLM}",
    title        = "Estadísticas de estudiantes",
    howpublished = "\url{https://www.uclm.es/misiones/lauclm/institucional/transparencia/estadisticaestudiantes}"
}

@MISC {horariobib,
    author       = "\acs{UCLM}",
    title        = "Bibliotecas y horarios",
    howpublished = "\url{https://www.uclm.es/areas/biblioteca/conocenos/bibliotecas%20y%20horarios}"
}

@MISC {calculadoraAzure,
    author       = "Microsoft",
    title        = "Pricing calculator",
    howpublished = "\url{https://azure.microsoft.com/en-us/pricing/calculator/}"
}










