@misc{Amazon2006AmazonCloud,
    title = {{Amazon Elastic Compute Cloud}},
    year = {2006},
    booktitle = {Amazon Elastic Compute Cloud},
    author = {{Amazon}},
    pages = {1}
}

@article{Teece2010BusinessInnovation,
    title = {{Business models, business strategy and innovation}},
    year = {2010},
    journal = {Long Range Planning},
    author = {Teece, David J.},
    number = {2-3},
    month = {4},
    pages = {172--194},
    volume = {43},
    doi = {10.1016/j.lrp.2009.07.003},
    issn = {00246301}
}

@article{Bhardwaj2010CLOUD,
    title = {{CLOUD COMPUTING : A STUDY OF INFRASTRUCTURE AS A SERVICE ( IAAS )}},
    year = {2010},
    journal = {International Journal of Engineering},
    author = {Bhardwaj, Sushil and Jain, Leena and Jain, Sandeep},
    keywords = {cloud computing, expertise in, iaas, no longer have need, of, or control over the, paas, saas}
}

@misc{Athambawa2012DesktopVirtualization,
    title = {{Desktop Virtualization}},
    year = {2012},
    booktitle = {SSRN},
    author = {Athambawa, Aiman},
    doi = {10.2139/ssrn.2003376},
    keywords = {Citrix, Desktop virtualization, VMware, Virtual desktop}
}

@incollection{Krishnan2015GoogleEngine,
    title = {{Google App Engine}},
    year = {2015},
    booktitle = {Building Your Next Big Thing with Google Cloud Platform},
    author = {Krishnan, S. P. T. and Gonzalez, Jose L. Ugia and Krishnan, S. P. T. and Gonzalez, Jose L. Ugia},
    month = {6},
    pages = {83--122},
    publisher = {Apress},
    doi = {10.1007/978-1-4842-1004-8{\_}5}
}

@incollection{Porter1989HowStrategy,
    title = {{How Competitive Forces Shape Strategy}},
    year = {1989},
    booktitle = {Readings in Strategic Management},
    author = {Porter, Michael E.},
    pages = {133--143},
    publisher = {Macmillan Education UK},
    url = {http://link.springer.com/10.1007/978-1-349-20317-8_10},
    address = {London},
    doi = {10.1007/978-1-349-20317-8{\_}10}
}

@article{Beimborn2011PlatformPaaS,
    title = {{Platform as a service (PaaS)}},
    year = {2011},
    journal = {Business and Information Systems Engineering},
    author = {Beimborn, Daniel and Miletzki, Thomas and Wenzel, Stefan},
    number = {6},
    month = {12},
    pages = {381--384},
    volume = {3},
    doi = {10.1007/s12599-011-0183-3},
    issn = {18670202}
}

@misc{Roberts2016ServerlessArchitectures,
    title = {{Serverless Architectures}},
    year = {2016},
    booktitle = {Martin Fowler's Blog},
    author = {Roberts, Mike},
    url = {http://martinfowler.com/articles/serverless.html}
}

@article{Kepes2013UnderstandingIaaS,
    title = {{Understanding the Cloud Computing Stack SaaS, Paas, IaaS}},
    year = {2013},
    journal = {Diversity Limited},
    author = {Kepes, Ben}
}